@online{ReactWikipedia,
    author = "Wikipedia",
    title = "React (web framework)",
    year = "", 
    url = "https://it.wikipedia.org/wiki/React_(web_framework)",
    addendum = "(Data di accesso: 25.06.2024)",
    keywords = "React"
} 

@online{TypescriptWikipedia,
    author = "Wikipedia",
    title = "TypeScript",
    year = "", 
    url = "https://it.wikipedia.org/wiki/TypeScript",
    addendum = "(Data di accesso: 25.06.2024)",
    keywords = "TypeScript"
}

@online{MicrosoftSpringBoot,
    author = "Microsoft",
    title = "Che cos'è Spring Boot di Java?",
    year = "",
    url  = "https://azure.microsoft.com/it-it/resources/cloud-computing-dictionary/what-is-java-spring-boot",
    addendum = "(Data di accesso: 25.06.2024)",
    keywords = "springboot,java"
}

@online{JavaWikipedia,
    author = "Wikipedia",
    title = "Java (linguaggio di programmazione)",
    year = "",
    url  = "https://it.wikipedia.org/wiki/Java_(linguaggio_di_programmazione)",
    addendum = "(Data di accesso: 24.06.2024)",
    keywords = "java"
}

@online{MavenNexTre,
    author = "Andra Gatu",
    title = "Cos’è Maven, a cosa serve e come si usa",
    year = "2024",
    url  = "https://www.nextre.it/cose-maven-si-usa/",
    addendum = "(Data di accesso: 25.06.2024)",
    keywords = "maven"
}

@online{JpaVincenzoRacca,
    author = "Vincenzo Racca",
    title = "Introduzione a JPA e mapping delle relazioni",
    year = "2020",
    url  = "https://www.vincenzoracca.com/blog/framework/jpa/jpa-reletions/",
    addendum = "(Data di accesso: 25.06.2024)",
    keywords = "JPA"
}

