% CAPITOLO 1
@online{ReactWikipedia,
    author = "Wikipedia",
    title = "React (web framework)",
    year = "", 
    url = "https://it.wikipedia.org/wiki/React_(web_framework)",
    addendum = "(Data di accesso: 25.06.2024)",
    keywords = "React"
} 

@online{TypescriptWikipedia,
    author = "Wikipedia",
    title = "TypeScript",
    year = "", 
    url = "https://it.wikipedia.org/wiki/TypeScript",
    addendum = "(Data di accesso: 25.06.2024)",
    keywords = "TypeScript"
}

@online{MicrosoftSpringBoot,
    author = "Microsoft",
    title = "Che cos'è Spring Boot di Java?",
    year = "",
    url  = "https://azure.microsoft.com/it-it/resources/cloud-computing-dictionary/what-is-java-spring-boot",
    addendum = "(Data di accesso: 25.06.2024)",
    keywords = "springboot,java"
}

@online{JavaWikipedia,
    author = "Wikipedia",
    title = "Java (linguaggio di programmazione)",
    year = "",
    url  = "https://it.wikipedia.org/wiki/Java_(linguaggio_di_programmazione)",
    addendum = "(Data di accesso: 24.06.2024)",
    keywords = "java"
}

@online{MavenNexTre,
    author = "Andra Gatu",
    title = "Cos’è Maven, a cosa serve e come si usa",
    year = "2024",
    url  = "https://www.nextre.it/cose-maven-si-usa/",
    addendum = "(Data di accesso: 25.06.2024)",
    keywords = "maven"
}

@online{JpaVincenzoRacca,
    author = "Vincenzo Racca",
    title = "Introduzione a JPA e mapping delle relazioni",
    year = "2020",
    url  = "https://www.vincenzoracca.com/blog/framework/jpa/jpa-reletions/",
    addendum = "(Data di accesso: 25.06.2024)",
    keywords = "JPA"
}

@online{PostgreSQL,
    author = "Geekandjob",
    title = "Cos'è PostgreSQL",
    year = "",
    url  = "https://www.geekandjob.com/wiki/postgresql",
    addendum = "(Data di accesso: 25.06.2024)",
    keywords = "PostgreSQL"
}

% CAPITOLO 2
@misc{AppuntiEuristicheNielsen,
    author = "Simone Lesinigo",
    title = "Appunti del corso di Interazione Uomo-Macchina",
    note = "Università degli Studi di Milano-Bicocca, Docente: Cabitza Federico Antonio Niccolò Amedeo, Anno Accademico 2023-2024",
}

% CAPITOLO 3
@online{FullCalendarSite,
    author= "Adam Arshaw",
    title="FullCalendar",
    url="https://fullcalendar.io/",
    addendum = "(Data di accesso: 27.06.2024)",
}

@online{WebexSandboxAccount,
    author = "Webex",
    title= "Developer Sandbox",
    url = "https://developer.webex.com/docs/developer-sandbox-guide",
    addendum = "(Data di accesso: 27.06.2024)",
}

@online{reactUseEffect,
    author = "React",
    title= "useEffect",
    url = "https://react.dev/reference/react/useEffect",
    addendum = "(Data di accesso: 03.07.2024)",
}

@online{jwtToken,
    author = "Okta",
    title= "JSON Web Tokens",
    url = "https://auth0.com/docs/secure/tokens/json-web-tokens",
    addendum = "(Data di accesso: 03.07.2024)",
}

@online{reactUseState,
    author = "React",
    title= "useState",
    url = "https://react.dev/reference/react/useState",
    addendum = "(Data di accesso: 03.07.2024)",
}

@online{reactConditionalRendering,
    author = "React",
    title= "Conditional Rendering",
    url = "https://react.dev/learn/conditional-rendering",
    addendum = "(Data di accesso: 03.07.2024)",
}

@online{AutoWiredSpring,
    author = "Baeldung",
    title= "Guide to Spring @Autowired",
    year = "2024",
    url = "https://www.baeldung.com/spring-autowire",
    addendum = "(Data di accesso: 03.07.2024)",
}

@online{RepositorySpring,
    author = "Pankaj",
    title= "Spring @Repository Annotation",
    year = "2022",
    url = "https://www.digitalocean.com/community/tutorials/spring-repository-annotation",
    addendum = "(Data di accesso: 03.07.2024)",
}

@online{DataTransferObject,
    author = "Okta",
    title= "Data Transfer Object DTO Definition and Usage",
    year = "2023",
    url = "https://www.okta.com/identity-101/dto/",
    addendum = "(Data di accesso: 03.07.2024)",
}